@online{evans20,
	Author = {Steven N. Evans and Adam Q. Jaffe},
	Title = {Strong laws of large numbers for Fréchet means},
	Year = {2020},
	eprinttype   = {arxiv},
	eprint       = {2012.12859},
	eprintclass  = {math.PR},
	keywords = {preprint},
}

@book {koenker05,
    AUTHOR = {Koenker, Roger},
     TITLE = {Quantile regression},
    SERIES = {Econometric Society Monographs},
    VOLUME = {38},
 PUBLISHER = {Cambridge University Press, Cambridge},
      YEAR = {2005},
     PAGES = {xvi+349},
      ISBN = {978-0-521-60827-5; 0-521-60827-9},
   MRCLASS = {62-02 (62J02 62J05)},
  MRNUMBER = {2268657},
MRREVIEWER = {M. Hu\v{s}kov\'{a}},
       DOI = {10.1017/CBO9780511754098},
       URL = {https://doi.org/10.1017/CBO9780511754098},
}

@article {dryden09,
    AUTHOR = {Dryden, Ian L. and Koloydenko, Alexey and Zhou, Diwei},
     TITLE = {Non-{E}uclidean statistics for covariance matrices, with
              applications to diffusion tensor imaging},
   JOURNAL = {Ann. Appl. Stat.},
  FJOURNAL = {The Annals of Applied Statistics},
    VOLUME = {3},
      YEAR = {2009},
    NUMBER = {3},
     PAGES = {1102--1123},
      ISSN = {1932-6157},
   MRCLASS = {Expansion},
  MRNUMBER = {2750388},
       DOI = {10.1214/09-AOAS249},
       URL = {https://doi.org/10.1214/09-AOAS249},
}

@article {gower75,
    AUTHOR = {Gower, J. C.},
     TITLE = {Generalized {P}rocrustes analysis},
   JOURNAL = {Psychometrika},
  FJOURNAL = {Psychometrika. A Journal Devoted to the Development of
              Psychology as a Quantitative Rational Science},
    VOLUME = {40},
      YEAR = {1975},
     PAGES = {33--51},
      ISSN = {0033-3123},
   MRCLASS = {62H30},
  MRNUMBER = {405725},
MRREVIEWER = {P. A. K. Covey-Crump},
       DOI = {10.1007/BF02291478},
       URL = {https://doi.org/10.1007/BF02291478},
}

@book {dryden16,
    AUTHOR = {Dryden, Ian L. and Mardia, Kanti V.},
     TITLE = {Statistical shape analysis with applications in {R}},
    SERIES = {Wiley Series in Probability and Statistics},
   EDITION = {Second},
 PUBLISHER = {John Wiley \& Sons, Ltd., Chichester},
      YEAR = {2016},
     PAGES = {xxiii+454},
      ISBN = {978-0-470-69962-1},
   MRCLASS = {60D05 (62H05)},
  MRNUMBER = {3559734},
MRREVIEWER = {Jean-Charles Pinoli},
       DOI = {10.1002/9781119072492},
       URL = {https://doi.org/10.1002/9781119072492},
}

@article {kendall84,
    AUTHOR = {Kendall, David G.},
     TITLE = {Shape manifolds, {P}rocrustean metrics, and complex projective
              spaces},
   JOURNAL = {Bull. London Math. Soc.},
  FJOURNAL = {The Bulletin of the London Mathematical Society},
    VOLUME = {16},
      YEAR = {1984},
    NUMBER = {2},
     PAGES = {81--121},
      ISSN = {0024-6093},
   MRCLASS = {52A22 (53C65 60D05)},
  MRNUMBER = {737237},
       DOI = {10.1112/blms/16.2.81},
       URL = {https://doi.org/10.1112/blms/16.2.81},
}
		

@book {aczel89,
    AUTHOR = {Acz\'{e}l, J. and Dhombres, J.},
     TITLE = {Functional equations in several variables},
    SERIES = {Encyclopedia of Mathematics and its Applications},
    VOLUME = {31},
      NOTE = {With applications to mathematics, information theory and to
              the natural and social sciences},
 PUBLISHER = {Cambridge University Press, Cambridge},
      YEAR = {1989},
     PAGES = {xiv+462},
      ISBN = {0-521-35276-2},
   MRCLASS = {39-02 (39B40)},
  MRNUMBER = {1004465},
MRREVIEWER = {K. Lajk\'{o}},
       DOI = {10.1017/CBO9781139086578},
       URL = {https://doi.org/10.1017/CBO9781139086578},
}

@article {kim17,
    AUTHOR = {Kim, Young-Heon and Pass, Brendan},
     TITLE = {Wasserstein barycenters over {R}iemannian manifolds},
   JOURNAL = {Adv. Math.},
  FJOURNAL = {Advances in Mathematics},
    VOLUME = {307},
      YEAR = {2017},
     PAGES = {640--683},
      ISSN = {0001-8708},
   MRCLASS = {60B05 (49Q20 58C35 60G30)},
  MRNUMBER = {3590527},
       DOI = {10.1016/j.aim.2016.11.026},
       URL = {https://doi.org/10.1016/j.aim.2016.11.026},
}

@article {yokota17,
    AUTHOR = {Yokota, Takumi},
     TITLE = {Convex functions and {$p$}-barycenter on {$\mathrm{
              CAT}(1)$}-spaces of small radii},
   JOURNAL = {Tsukuba J. Math.},
  FJOURNAL = {Tsukuba Journal of Mathematics},
    VOLUME = {41},
      YEAR = {2017},
    NUMBER = {1},
     PAGES = {43--80},
      ISSN = {0387-4982},
   MRCLASS = {53C23},
  MRNUMBER = {3705774},
MRREVIEWER = {Bo\.{z}ena Pi\polhk atek},
       DOI = {10.21099/tkbjm/1506353559},
       URL = {https://doi.org/10.21099/tkbjm/1506353559},
}

@book {hardy52,
    AUTHOR = {Hardy, G. H. and Littlewood, J. E. and P\'{o}lya, G.},
     TITLE = {Inequalities},
      NOTE = {2d ed},
 PUBLISHER = {Cambridge, at the University Press},
      YEAR = {1952},
     PAGES = {xii+324},
   MRCLASS = {27.0X},
  MRNUMBER = {0046395},
}

@article {carvalho16,
    AUTHOR = {de Carvalho, Miguel},
     TITLE = {Mean, what do you mean?},
   JOURNAL = {Amer. Statist.},
  FJOURNAL = {The American Statistician},
    VOLUME = {70},
      YEAR = {2016},
    NUMBER = {3},
     PAGES = {270--274},
      ISSN = {0003-1305},
   MRCLASS = {Expansion},
  MRNUMBER = {3535513},
       DOI = {10.1080/00031305.2016.1148632},
       URL = {https://doi.org/10.1080/00031305.2016.1148632},
}

@article {kolmogorov30,
    AUTHOR = {Kolmogorov, Andrey Nikolaevich},
     TITLE = {Sur la notion de la moyenne},
   JOURNAL = {Atti Accad. Naz. Lincei},
  FJOURNAL = {Atti della Academia Nazionale dei Lincei},
    number = {12},
      YEAR = {1930},
     PAGES = {388--391},
}

@book{gauss1809,
  title={Theoria motus corporum coelestium in sectionibus conicis solem ambientium},
  author={Gauß, Carl Friedrich},
  year={1809},
  publisher={Hamburgi sumptibus Frid. Perthes et I.H.Besser}
}


@Article{davis10,
	author={Davis, Brad C. and Fletcher, P. Thomas and Bullitt, Elizabeth and Joshi, Sarang},
	title={Population Shape Regression from Random Design Data},
	journal={International Journal of Computer Vision},
	year={2010},
	month={Nov},
	day={01},
	volume={90},
	number={2},
	pages={255-266},
	issn={1573-1405},
	doi={10.1007/s11263-010-0367-1},
	url={https://doi.org/10.1007/s11263-010-0367-1}
}


@article {karcher77,
    AUTHOR = {Karcher, H.},
     TITLE = {Riemannian center of mass and mollifier smoothing},
   JOURNAL = {Comm. Pure Appl. Math.},
  FJOURNAL = {Communications on Pure and Applied Mathematics},
    VOLUME = {30},
      YEAR = {1977},
    NUMBER = {5},
     PAGES = {509--541},
      ISSN = {0010-3640},
   MRCLASS = {58E10 (53C20)},
  MRNUMBER = {442975},
MRREVIEWER = {S. Takizawa},
       DOI = {10.1002/cpa.3160300502},
       URL = {https://doi.org/10.1002/cpa.3160300502},
}


@book {edwards95,
    AUTHOR = {Edwards, R. E.},
     TITLE = {Functional analysis},
      NOTE = {Theory and applications,
              Corrected reprint of the 1965 original},
 PUBLISHER = {Dover Publications, Inc., New York},
      YEAR = {1995},
     PAGES = {xvi+783},
      ISBN = {0-486-68143-2},
   MRCLASS = {46-01 (47-01)},
  MRNUMBER = {1320261},
}

@article {williamson87,
    AUTHOR = {Williamson, Robert and Janos, Ludvik},
     TITLE = {Constructing metrics with the {H}eine-{B}orel property},
   JOURNAL = {Proc. Amer. Math. Soc.},
  FJOURNAL = {Proceedings of the American Mathematical Society},
    VOLUME = {100},
      YEAR = {1987},
    NUMBER = {3},
     PAGES = {567--573},
      ISSN = {0002-9939},
   MRCLASS = {54E35 (54E50)},
  MRNUMBER = {891165},
MRREVIEWER = {W. Stephen Watson},
       DOI = {10.2307/2046449},
       URL = {https://doi.org/10.2307/2046449},
}

@article {artstein95,
    AUTHOR = {Artstein, Zvi and Wets, Roger J.-B.},
     TITLE = {Consistency of minimizers and the {SLLN} for stochastic
              programs},
   JOURNAL = {J. Convex Anal.},
  FJOURNAL = {Journal of Convex Analysis},
    VOLUME = {2},
      YEAR = {1995},
    NUMBER = {1-2},
     PAGES = {1--17},
      ISSN = {0944-6532},
   MRCLASS = {90C15 (49J45)},
  MRNUMBER = {1363357},
MRREVIEWER = {C. C. Y. Dorea},
}

@misc{shin20,
	Author = {Shin, Ha-Young and Oh, Hee-Seok},
	Title = {Robust Geodesic Regression},
	Year = {2020},
	Eprint = {arXiv:2007.04518},
}

@Manual{r,
    title = {R: A Language and Environment for Statistical Computing},
    author = {{R Development Core Team}},
    organization = {R Foundation for Statistical Computing},
    address = {Vienna, Austria},
    year = {2008},
    note = {{ISBN} 3-900051-07-0},
    url = {http://www.R-project.org},
  }

@article {steinke10,
    AUTHOR = {Steinke, Florian and Hein, Matthias and Sch\"{o}lkopf, Bernhard},
     TITLE = {Nonparametric regression between general {R}iemannian
              manifolds},
   JOURNAL = {SIAM J. Imaging Sci.},
  FJOURNAL = {SIAM Journal on Imaging Sciences},
    VOLUME = {3},
      YEAR = {2010},
    NUMBER = {3},
     PAGES = {527--563},
   MRCLASS = {62G08 (68T10 94A12)},
  MRNUMBER = {2736019},
       DOI = {10.1137/080744189},
       URL = {https://doi.org/10.1137/080744189},
}

@article {eichfelder19,
    AUTHOR = {Eichfelder, Gabriele and Hotz, Thomas and Wieditz, Johannes},
     TITLE = {An algorithm for computing {F}r\'{e}chet means on the sphere},
   JOURNAL = {Optim. Lett.},
  FJOURNAL = {Optimization Letters},
    VOLUME = {13},
      YEAR = {2019},
    NUMBER = {7},
     PAGES = {1523--1533},
      ISSN = {1862-4472},
   MRCLASS = {90C26 (62H11)},
  MRNUMBER = {4002314},
       DOI = {10.1007/s11590-019-01415-y},
       URL = {https://doi.org/10.1007/s11590-019-01415-y},
}

@inproceedings{hein09,
 author = {Hein, Matthias},
 booktitle = {Advances in Neural Information Processing Systems},
 editor = {Y. Bengio and D. Schuurmans and J. Lafferty and C. Williams and A. Culotta},
 pages = {718--726},
 publisher = {Curran Associates, Inc.},
 title = {Robust Nonparametric Regression with Metric-Space Valued Output},
 url = {https://proceedings.neurips.cc/paper/2009/file/92977ae4d2ba21425a59afb269c2a14e-Paper.pdf},
 volume = {22},
 year = {2009}
}



@article {huckemann20a,
    AUTHOR = {Huckemann, Stephan F. and Eltzner, B.},
     TITLE = {Data Analysis on Non-Standard Spaces},
   JOURNAL = {WIREs Computational Statistics},
  FJOURNAL = {WIREs Computational Statistics},
      YEAR = {2020},
       URL = {https://doi.org/10.1002/wics.1526},
      note = {early access},
}

@article{lin19,
  title={Total Variation Regularized Fr{\'e}chet Regression for Metric-Space Valued Data},
  author={Lin, Zhenhua and M{\"u}ller, Hans-Georg},
  journal={arXiv preprint arXiv:1904.09647},
  year={2019}
}

@article{gouic19,
  title={Fast convergence of empirical barycenters in Alexandrov spaces and the Wasserstein space},
  author={Gouic, Thibaut Le and Paris, Quentin and Rigollet, Philippe and Stromme, Austin J},
  journal={arXiv preprint arXiv:1908.00828},
  year={2019}
}


@article {ahidar20,
    AUTHOR = {Ahidar-Coutrix, A. and Le Gouic, T. and Paris, Q.},
     TITLE = {Convergence rates for empirical barycenters in metric spaces:
              curvature, convexity and extendable geodesics},
   JOURNAL = {Probab. Theory Related Fields},
  FJOURNAL = {Probability Theory and Related Fields},
    VOLUME = {177},
      YEAR = {2020},
    NUMBER = {1-2},
     PAGES = {323--368},
      ISSN = {0178-8051},
   MRCLASS = {60B05 (51F99 51K10 60B10 62G05)},
  MRNUMBER = {4095017},
       DOI = {10.1007/s00440-019-00950-0},
       URL = {https://doi.org/10.1007/s00440-019-00950-0},
}

@article {ohta12,
    AUTHOR = {Ohta, Shin-ichi},
     TITLE = {Barycenters in {A}lexandrov spaces of curvature bounded below},
   JOURNAL = {Adv. Geom.},
  FJOURNAL = {Advances in Geometry},
    VOLUME = {12},
      YEAR = {2012},
    NUMBER = {4},
     PAGES = {571--587},
      ISSN = {1615-715X},
   MRCLASS = {53C21 (51F99 53C22)},
  MRNUMBER = {3005101},
       DOI = {10.1515/advgeom-2011-058},
       URL = {https://doi.org/10.1515/advgeom-2011-058},
}

@article {schoetz19,
    AUTHOR = {Sch\"{o}tz, Christof},
     TITLE = {Convergence rates for the generalized {F}r\'{e}chet mean via the
              quadruple inequality},
   JOURNAL = {Electron. J. Stat.},
  FJOURNAL = {Electronic Journal of Statistics},
    VOLUME = {13},
      YEAR = {2019},
    NUMBER = {2},
     PAGES = {4280--4345},
   MRCLASS = {62G05 (62G20)},
  MRNUMBER = {4023955},
MRREVIEWER = {Juan A. Cuesta-Albertos},
       DOI = {10.1214/19-EJS1618},
       URL = {https://doi.org/10.1214/19-EJS1618},
}

@article {cornea17,
    AUTHOR = {Cornea, Emil and Zhu, Hongtu and Kim, Peter and Ibrahim,
              Joseph G.},
     TITLE = {Regression models on {R}iemannian symmetric spaces},
   JOURNAL = {J. R. Stat. Soc. Ser. B. Stat. Methodol.},
  FJOURNAL = {Journal of the Royal Statistical Society. Series B.
              Statistical Methodology},
    VOLUME = {79},
      YEAR = {2017},
    NUMBER = {2},
     PAGES = {463--482},
      ISSN = {1369-7412},
   MRCLASS = {62H12 (53C35 60D05 62G05 62H15 62J99)},
  MRNUMBER = {3611755},
       DOI = {10.1111/rssb.12169},
       URL = {https://doi.org/10.1111/rssb.12169},
}
	

@article {nandi13,
    AUTHOR = {Nandi, Swagata and Kundu, Debasis},
     TITLE = {Estimation of parameters of partially sinusoidal frequency
              model},
   JOURNAL = {Statistics},
  FJOURNAL = {Statistics. A Journal of Theoretical and Applied Statistics},
    VOLUME = {47},
      YEAR = {2013},
    NUMBER = {1},
     PAGES = {45--60},
      ISSN = {0233-1888},
   MRCLASS = {62M15 (62F12)},
  MRNUMBER = {3023014},
MRREVIEWER = {M. Shelton Peiris},
       DOI = {10.1080/02331888.2011.577894},
       URL = {https://doi.org/10.1080/02331888.2011.577894},
}

@article {tondeur88,
    AUTHOR = {Tondeur, Philippe and Vanhecke, Lieven},
     TITLE = {Reflections in submanifolds},
   JOURNAL = {Geom. Dedicata},
  FJOURNAL = {Geometriae Dedicata},
    VOLUME = {28},
      YEAR = {1988},
    NUMBER = {1},
     PAGES = {77--85},
      ISSN = {0046-5755},
   MRCLASS = {53C40},
  MRNUMBER = {965832},
MRREVIEWER = {Bang-yen Chen},
       DOI = {10.1007/BF00147801},
       URL = {https://doi.org/10.1007/BF00147801},
}

@article {chen88,
    AUTHOR = {Chen, Bang-Yen and Vanhecke, Lieven},
     TITLE = {Reflections and symmetries in compact symmetric spaces},
   JOURNAL = {Bull. Austral. Math. Soc.},
  FJOURNAL = {Bulletin of the Australian Mathematical Society},
    VOLUME = {38},
      YEAR = {1988},
    NUMBER = {3},
     PAGES = {377--386},
      ISSN = {0004-9727},
   MRCLASS = {53C35},
  MRNUMBER = {966712},
MRREVIEWER = {Megerdich Toomanian},
       DOI = {10.1017/S000497270002774X},
       URL = {https://doi.org/10.1017/S000497270002774X},
}

@incollection {chen90,
    AUTHOR = {Chen, Bang-Yen},
     TITLE = {Reflections and involutions},
 BOOKTITLE = {Geometry and topology of submanifolds, {II} ({A}vignon, 1988)},
     PAGES = {65--75},
 PUBLISHER = {World Sci. Publ., Teaneck, NJ},
      YEAR = {1990},
   MRCLASS = {53C40 (53C35)},
  MRNUMBER = {1068736},
MRREVIEWER = {Hiroo Naitoh},
}

@article {alekseevsky07,
    AUTHOR = {Alekseevsky, Dmitri V. and Kriegl, Andreas and Losik, Mark and
              Michor, Peter W.},
     TITLE = {Reflection groups on {R}iemannian manifolds},
   JOURNAL = {Ann. Mat. Pura Appl. (4)},
  FJOURNAL = {Annali di Matematica Pura ed Applicata. Series IV},
    VOLUME = {186},
      YEAR = {2007},
    NUMBER = {1},
     PAGES = {25--58},
      ISSN = {0373-3114},
   MRCLASS = {53C20 (20F55 51F15)},
  MRNUMBER = {2263330},
MRREVIEWER = {Nadia Benakli},
       DOI = {10.1007/s10231-005-0166-4},
       URL = {https://doi.org/10.1007/s10231-005-0166-4},
}

@article {vanhecke83,
    AUTHOR = {Vanhecke, L. and Willmore, T. J.},
     TITLE = {Interaction of tubes and spheres},
   JOURNAL = {Math. Ann.},
  FJOURNAL = {Mathematische Annalen},
    VOLUME = {263},
      YEAR = {1983},
    NUMBER = {1},
     PAGES = {31--42},
      ISSN = {0025-5831},
   MRCLASS = {53C35 (53C20)},
  MRNUMBER = {697328},
MRREVIEWER = {Yu. Burago},
       DOI = {10.1007/BF01457081},
       URL = {https://doi.org/10.1007/BF01457081},
}

@book {oneill83,
    AUTHOR = {O'Neill, Barrett},
     TITLE = {Semi-{R}iemannian geometry},
    SERIES = {Pure and Applied Mathematics},
    VOLUME = {103},
      NOTE = {With applications to relativity},
 PUBLISHER = {Academic Press, Inc. [Harcourt Brace Jovanovich, Publishers],
              New York},
      YEAR = {1983},
     PAGES = {xiii+468},
      ISBN = {0-12-526740-1},
   MRCLASS = {53-01 (53B30 53C50 83-02)},
  MRNUMBER = {719023},
MRREVIEWER = {N. V. Mitskevich},
}

@book {lee18,
    AUTHOR = {Lee, John M.},
     TITLE = {Introduction to {R}iemannian manifolds},
    SERIES = {Graduate Texts in Mathematics},
    VOLUME = {176},
      NOTE = {Second edition of [ MR1468735]},
 PUBLISHER = {Springer, Cham},
      YEAR = {2018},
     PAGES = {xiii+437},
      ISBN = {978-3-319-91754-2; 978-3-319-91755-9},
   MRCLASS = {53-01 (53B20 53B30 53C20 53C21)},
  MRNUMBER = {3887684},
MRREVIEWER = {Robert J. Low},
}

@article {fletcher13,
    AUTHOR = {Fletcher, P. Thomas},
     TITLE = {Geodesic regression and the theory of least squares on
              {R}iemannian manifolds},
   JOURNAL = {Int. J. Comput. Vis.},
  FJOURNAL = {International Journal of Computer Vision},
    VOLUME = {105},
      YEAR = {2013},
    NUMBER = {2},
     PAGES = {171--185},
      ISSN = {0920-5691},
   MRCLASS = {62H11 (53C22 62G10 94A08)},
  MRNUMBER = {3104017},
       DOI = {10.1007/s11263-012-0591-y},
       URL = {https://doi.org/10.1007/s11263-012-0591-y},
}

@book {kronecker68,
    AUTHOR = {Kronecker, Leopold},
     TITLE = {Leopold {K}ronecker's {W}erke. {B}\"{a}nde {I}--{V}},
    SERIES = {Herausgegeben auf Veranlassung der K\"{o}niglich Preussischen
              Akademie der Wissenschaften von K. Hensel},
 PUBLISHER = {Chelsea Publishing Co., New York},
      YEAR = {1968},
     PAGES = {Vol. I: ix+483 pp. (1 plate); Vol. II: viii+540 pp.; Vol. III,
              Part I: vii+473 pp.; Part II: iii+215 pp. (Parts I and II
              bound as one); Vol. IV: x+508 pp.; Vol. V: x+527},
   MRCLASS = {01.60},
  MRNUMBER = {0237286},
}

@article {huckemann10,
    AUTHOR = {Huckemann, Stephan and Hotz, Thomas and Munk, Axel},
     TITLE = {Intrinsic shape analysis: geodesic {PCA} for {R}iemannian
              manifolds modulo isometric {L}ie group actions},
   JOURNAL = {Statist. Sinica},
  FJOURNAL = {Statistica Sinica},
    VOLUME = {20},
      YEAR = {2010},
    NUMBER = {1},
     PAGES = {1--58},
      ISSN = {1017-0405},
   MRCLASS = {62H11 (60D05 62H25)},
  MRNUMBER = {2640651},
MRREVIEWER = {Lei Shi},
}

@article {abatzoglou78,
    AUTHOR = {Abatzoglou, Theagenis J.},
     TITLE = {The minimum norm projection on {$C^{2}$}-manifolds in {${\mathbf
              R}^{n}$}},
   JOURNAL = {Trans. Amer. Math. Soc.},
  FJOURNAL = {Transactions of the American Mathematical Society},
    VOLUME = {243},
      YEAR = {1978},
     PAGES = {115--122},
      ISSN = {0002-9947},
   MRCLASS = {58C20 (41A50)},
  MRNUMBER = {502897},
MRREVIEWER = {Charles K. Chui},
       DOI = {10.2307/1997757},
       URL = {https://doi.org/10.2307/1997757},
}

@article {birbrair17,
    AUTHOR = {Birbrair, Lev and Denkowski, Maciej P.},
     TITLE = {Medial axis and singularities},
   JOURNAL = {J. Geom. Anal.},
  FJOURNAL = {Journal of Geometric Analysis},
    VOLUME = {27},
      YEAR = {2017},
    NUMBER = {3},
     PAGES = {2339--2380},
      ISSN = {1050-6926},
   MRCLASS = {32B20 (54F99)},
  MRNUMBER = {3667433},
MRREVIEWER = {Aleksandra Nowel},
       DOI = {10.1007/s12220-017-9763-x},
       URL = {https://doi.org/10.1007/s12220-017-9763-x},
}

@article {hotz13,
    AUTHOR = {Hotz, Thomas and Huckemann, Stephan and Le, Huiling and
              Marron, J. S. and Mattingly, Jonathan C. and Miller, Ezra and
              Nolen, James and Owen, Megan and Patrangenaru, Vic and
              Skwerer, Sean},
     TITLE = {Sticky central limit theorems on open books},
   JOURNAL = {Ann. Appl. Probab.},
  FJOURNAL = {The Annals of Applied Probability},
    VOLUME = {23},
      YEAR = {2013},
    NUMBER = {6},
     PAGES = {2238--2258},
      ISSN = {1050-5164},
   MRCLASS = {60B05 (60B99 60F05)},
  MRNUMBER = {3127934},
MRREVIEWER = {Rabi Bhattacharya},
       DOI = {10.1214/12-AAP899},
       URL = {https://doi.org/10.1214/12-AAP899},
}

@article {huckemann15,
    AUTHOR = {Huckemann, Stephan and Mattingly, Jonathan C. and Miller, Ezra
              and Nolen, James},
     TITLE = {Sticky central limit theorems at isolated hyperbolic planar
              singularities},
   JOURNAL = {Electron. J. Probab.},
  FJOURNAL = {Electronic Journal of Probability},
    VOLUME = {20},
      YEAR = {2015},
     PAGES = {no. 78, 34},
      ISSN = {1083-6489},
   MRCLASS = {60F05 (58C35 60D05)},
  MRNUMBER = {3371437},
       DOI = {10.1214/EJP.v20-3887},
       URL = {https://doi.org/10.1214/EJP.v20-3887},
}


@article {ellingson13,
    AUTHOR = {Ellingson, Leif and Patrangenaru, Vic and Ruymgaart, Frits},
     TITLE = {Nonparametric estimation of means on {H}ilbert manifolds and
              extrinsic analysis of mean shapes of contours},
   JOURNAL = {J. Multivariate Anal.},
  FJOURNAL = {Journal of Multivariate Analysis},
    VOLUME = {122},
      YEAR = {2013},
     PAGES = {317--333},
      ISSN = {0047-259X},
   MRCLASS = {62H35 (62G09 62G10 62G20)},
  MRNUMBER = {3189326},
       DOI = {10.1016/j.jmva.2013.08.010},
       URL = {https://doi.org/10.1016/j.jmva.2013.08.010},
}


@book {patrangenaru15,
    AUTHOR = {Patrangenaru, Victor and Ellingson, Leif},
     TITLE = {Nonparametric statistics on manifolds and their applications
              to object data analysis},
      NOTE = {With a foreword by Victor Pambuccian},
 PUBLISHER = {CRC Press, Boca Raton, FL},
      YEAR = {2016},
     PAGES = {xxiv+517},
      ISBN = {978-1-4398-2050-6},
   MRCLASS = {62-01 (53C15 60F05 62G09 62G20 62G35 62H11 62H25)},
  MRNUMBER = {3444169},
MRREVIEWER = {Stephan Huckemann},
}

@book {patrangenaru98,
    AUTHOR = {Patrangenaru, Victor},
     TITLE = {Asymptotic statistics on manifolds and their applications},
      NOTE = {Thesis (Ph.D.)--Indiana University},
 PUBLISHER = {ProQuest LLC, Ann Arbor, MI},
      YEAR = {1998},
     PAGES = {185},
      ISBN = {978-0599-05137-9},
   MRCLASS = {Thesis},
  MRNUMBER = {2698208},
       URL =
              {http://gateway.proquest.com/openurl?url_ver=Z39.88-2004&rft_val_fmt=info:ofi/fmt:kev:mtx:dissertation&res_dat=xri:pqdiss&rft_dat=xri:pqdiss:9907315},
}

@article {hendriks98,
    AUTHOR = {Hendriks, Harrie and Landsman, Zinoviy},
     TITLE = {Mean location and sample mean location on manifolds:
              asymptotics, tests, confidence regions},
   JOURNAL = {J. Multivariate Anal.},
  FJOURNAL = {Journal of Multivariate Analysis},
    VOLUME = {67},
      YEAR = {1998},
    NUMBER = {2},
     PAGES = {227--243},
      ISSN = {0047-259X},
   MRCLASS = {62H11 (62G15 62G20 62H15)},
  MRNUMBER = {1659156},
MRREVIEWER = {Dietrich von Rosen},
       DOI = {10.1006/jmva.1998.1776},
       URL = {https://doi.org/10.1006/jmva.1998.1776},
}

@article {hotz15,
    AUTHOR = {Hotz, T. and Huckemann, S.},
     TITLE = {Intrinsic means on the circle: uniqueness, locus and
              asymptotics},
   JOURNAL = {Ann. Inst. Statist. Math.},
  FJOURNAL = {Annals of the Institute of Statistical Mathematics},
    VOLUME = {67},
      YEAR = {2015},
    NUMBER = {1},
     PAGES = {177--193},
      ISSN = {0020-3157},
   MRCLASS = {62H11 (62F05 62F12)},
  MRNUMBER = {3297863},
       DOI = {10.1007/s10463-013-0444-7},
       URL = {https://doi.org/10.1007/s10463-013-0444-7},
}

@article {jaarsma14,
	author = {Jaarsma, Thomas and Jarodzka, Halszka and Nap, Marius and van Merrienboer, Jeroen J G and Boshuizen, Henny P A},
	title = {Expertise under the microscope: processing histopathological slides},
	journal = {Medical Education},
	volume = {48},
	number = {3},
	issn = {1365-2923},
	doi = {10.1111/medu.12385},
	pages = {292--300},
	year = {2014},
	note = "\href{run:../Literature/Eye Tracking/Jaarsma (2014) - Expertise under the microscope - processing histopathological slides.pdf}{[file]}"
}

@article{ylitalo16,
	author = "Ylitalo, Anna-Kaisa and Särkkä, Aila and Guttorp, Peter",
	doi = "10.1214/16-AOAS921",
	fjournal = "The Annals of Applied Statistics",
	journal = "Ann. Appl. Stat.",
	month = "06",
	number = "2",
	pages = "549--574",
	publisher = "The Institute of Mathematical Statistics",
	title = "What we look at in paintings: A comparison between experienced and inexperienced art viewers",
	volume = "10",
	year = "2016",
	note = "\href{run:../Literature/Eye Tracking/Ylitalo et al (2016)- What we look at in paintings.pdf}{[file]}"
}

@article{penttinen16,
	title = "Deducing self-interaction in eye movement data using sequential spatial point processes",
	journal = "Spatial Statistics ",
	volume = "17",
	number = "",
	pages = "1 - 21",
	year = "2016",
	issn = "2211-6753",
	doi = "http://dx.doi.org/10.1016/j.spasta.2016.03.005",
	author = "Antti Penttinen and Anna-Kaisa Ylitalo",
	note = "\href{run:../Literature/Eye Tracking/Penttinen, Ylitalo (2016) - Deducing self-interaction in eye movement data using sequential spatial point processes.pdf}{[file]}"
}

@article{engbert15,
	author = {Engbert, Ralf and Trukenbrod, Hans A. and Barthelmé, Simon and Wichmann, Felix A.},
	title = {Spatial statistics and attentional dynamics in scene viewing},
	journal = {Journal of Vision},
	volume = {15},
	number = {1},
	pages = {14},
	year = {2015},
	doi = {10.1167/15.1.14},
	URL = { + http://dx.doi.org/10.1167/15.1.14},
	eprint = {/data/Journals/JOV/933689/i1534-7362-15-1-14.pdf},
	note = "\href{run:../Literature/Eye Tracking/Engbert et al (2015) - Spatial statistics and attentional dynamics in scene viewing.pdf}{[file]}"
}

@inbook{bhattacharya08,
	address = "Beachwood, Ohio, USA",
	author = "Bhattacharya, Abhishek and Bhattacharya, Rabi",
	booktitle = "Pushing the Limits of Contemporary Statistics: Contributions in Honor of Jayanta K. Ghosh",
	doi = "10.1214/074921708000000200",
	editor = "Clarke, Bertrand and Ghosal, Subhashis",
	pages = "282--301",
	publisher = "Institute of Mathematical Statistics",
	series = "Collections",
	title = "Nonparametric statistics on manifolds with applications to shape spaces",
	volume = "Volume 3",
	year = "2008",
	note = "\href{run:../Literature/Frechet Mean/Bhattacharya, Bhattacharya (2008) - Nonparametric statistics on manifolds with applications to shape spaces.pdf}{[file]}"
}

@article {ginestet12,
    AUTHOR = {Ginestet, Cedric E. and Simmons, Andrew and Kolaczyk, Eric D.},
     TITLE = {Weighted {F}rechet means as convex combinations in metric
              spaces: properties and generalized median inequalities},
   JOURNAL = {Statist. Probab. Lett.},
  FJOURNAL = {Statistics \& Probability Letters},
    VOLUME = {82},
      YEAR = {2012},
    NUMBER = {10},
     PAGES = {1859--1863},
      ISSN = {0167-7152},
   MRCLASS = {54E35 (60B05)},
  MRNUMBER = {2956628},
       DOI = {10.1016/j.spl.2012.06.001},
       URL = {https://doi.org/10.1016/j.spl.2012.06.001},
}

@book {villani03,
    AUTHOR = {Villani, C\'{e}dric},
     TITLE = {Topics in optimal transportation},
    SERIES = {Graduate Studies in Mathematics},
    VOLUME = {58},
 PUBLISHER = {American Mathematical Society, Providence, RI},
      YEAR = {2003},
     PAGES = {xvi+370},
      ISBN = {0-8218-3312-X},
   MRCLASS = {90-02 (28D05 35B65 35J60 49N90 49Q20 90B20)},
  MRNUMBER = {1964483},
       DOI = {10.1090/gsm/058},
       URL = {https://doi.org/10.1090/gsm/058},
}

@book {villani09,
    AUTHOR = {Villani, C\'{e}dric},
     TITLE = {Optimal transport},
    SERIES = {Grundlehren der Mathematischen Wissenschaften [Fundamental
              Principles of Mathematical Sciences]},
    VOLUME = {338},
      NOTE = {Old and new},
 PUBLISHER = {Springer-Verlag, Berlin},
      YEAR = {2009},
     PAGES = {xxii+973},
      ISBN = {978-3-540-71049-3},
   MRCLASS = {49-02 (28A75 37J50 49Q20 53C23 58E30)},
  MRNUMBER = {2459454},
MRREVIEWER = {Dario Cordero-Erausquin},
       DOI = {10.1007/978-3-540-71050-9},
       URL = {https://doi.org/10.1007/978-3-540-71050-9},
}

@article{wang07,
	author = "Wang, Haonan and Marron, J. S.",
	doi = "10.1214/009053607000000217",
	fjournal = "The Annals of Statistics",
	journal = "Ann. Statist.",
	month = "10",
	number = "5",
	pages = "1849--1873",
	publisher = "The Institute of Mathematical Statistics",
	title = "Object oriented data analysis: Sets of trees",
	volume = "35",
	year = "2007",
	note = "\href{run:../Literature/JS Marron/Wang, Marron (2007) - Object Oriented Data Analysis - Sets of Trees.pdf}{[file]}"
}

@article{devilliers16,
	title = "Template estimation in computational anatomy: Fr{é}chet means in top and quotient spaces are not consistent",
	author = "Devilliers, Loïc and Allassonnière, Stéphanie and Trouvé, Alain and Pennec, Xavier",
	year = "2016",
	url = "https://arxiv.org/abs/1608.03703",
	note = "\href{run:../Literature/Frechet mean/Devillers et al (2016) - Template estimation in computational anatomy - Fechet means in top and quotient spaces are not consistent.pdf}{[file]}"
}

@article{marwan07,
	title = "Recurrence plots for the analysis of complex systems ",
	journal = "Physics Reports ",
	volume = "438",
	number = "5–6",
	pages = "237 - 329",
	year = "2007",
	note = "",
	issn = "0370-1573",
	doi = "http://dx.doi.org/10.1016/j.physrep.2006.11.001",
	author = "Norbert Marwan and M. Carmen Romano and Marco Thiel and Jürgen Kurths",
	keywords = "Data analysis",
	keywords = "Recurrence plot",
	keywords = "Nonlinear dynamics ",
	note = "\href{run:../Literature/RQA/Marwan et al (2006) - Recurrence Plots for the Analysis of Complex Systems.pdf}{[file]}"
}

@article{karcher14,
	author = "Karcher, Hermann",
	year = "2014",
	title = "Riemannian Center of Mass and so called karcher mean",
	url = "https://arxiv.org/abs/1407.2087",
}

@Inbook{gouic15,
	author="Le Gouic, Thibaut
	and Loubes, Jean-Michel",
	editor="Nielsen, Frank
	and Barbaresco, Fr{\'e}d{\'e}ric",
	title="Barycenter in Wasserstein Spaces: Existence and Consistency",
	bookTitle="Geometric Science of Information: Second International Conference, GSI 2015, Palaiseau, France, October 28-30, 2015, Proceedings",
	year="2015",
	publisher="Springer International Publishing",
	address="Cham",
	pages="104--108",
	isbn="978-3-319-25040-3",
	doi="10.1007/978-3-319-25040-3_12",
	nnote = "\href{run:../Literature/Frechet mean/Gouic, Loubes (2015) - Existence and Consitency of Wasserstein Barycenters.pdf}{[file]}"
}

@incollection {sturm03,
    AUTHOR = {Sturm, Karl-Theodor},
     TITLE = {Probability measures on metric spaces of nonpositive
              curvature},
 BOOKTITLE = {Heat kernels and analysis on manifolds, graphs, and metric
              spaces ({P}aris, 2002)},
    SERIES = {Contemp. Math.},
    VOLUME = {338},
     PAGES = {357--390},
 PUBLISHER = {Amer. Math. Soc., Providence, RI},
      YEAR = {2003},
   MRCLASS = {60B05 (28C15 28C99 53C21)},
  MRNUMBER = {2039961},
MRREVIEWER = {Vladimir I. Bogachev},
       DOI = {10.1090/conm/338/06080},
       URL = {https://doi.org/10.1090/conm/338/06080},
}


@article{sturm02,
    AUTHOR = {Sturm, Karl-Theodor},
     TITLE = {Nonlinear martingale theory for processes with values in
              metric spaces of nonpositive curvature},
   JOURNAL = {Ann. Probab.},
  FJOURNAL = {The Annals of Probability},
    VOLUME = {30},
      YEAR = {2002},
    NUMBER = {3},
     PAGES = {1195--1222},
      ISSN = {0091-1798},
   MRCLASS = {60G48 (54E40 60B05)},
  MRNUMBER = {1920105},
MRREVIEWER = {Paul McGill},
       DOI = {10.1214/aop/1029867125},
       URL = {https://doi.org/10.1214/aop/1029867125},
}

@article{agueh11,
	author = {Agueh, Martial and Carlier, Guillaume},
	journal = {SIAM J. Math. Analysis},
	keywords = {dblp},
	number = 2,
	pages = {904-924},
	title = {Barycenters in the {W}asserstein Space.},
	volume = 43,
	year = 2011
}


@Inbook{essahib99,
	author="Aziz, Es-Sahib
	and Henri, Heinich",
	editor="Az{\'e}ma, Jacques
	and {\'E}mery, Michel
	and Ledoux, Michel
	and Yor, Marc",
	title="Barycentre canonique pour un espace m{\'e}trique {\`a} courbure n{\'e}gative",
	bookTitle="S{\'e}minaire de Probabilit{\'e}s XXXIII",
	year="1999",
	publisher="Springer Berlin Heidelberg",
	pages="355--370",
	isbn="978-3-540-48407-3",
	doi="10.1007/BFb0096526"
}

@article{bigot15,
	author = "Bigot, Jérémie and Gouet, Raúl and Klein, Thierry and López, Alfredo",
	doi = "10.1214/15-AIHP706",
	fjournal = "Annales de l'Institut Henri Poincaré, Probabilités et Statistiques",
	journal = "Ann. Inst. H. Poincaré Probab. Statist.",
	month = "02",
	number = "1",
	pages = "1--26",
	publisher = "Institut Henri Poincaré",
	title = "Geodesic PCA in the Wasserstein space by convex PCA",
	volume = "53",
	year = "2017"
}


@article{picard05,
	title = "Stochastic calculus and martingales on trees ",
	journal = "Annales de l'Institut Henri Poincare (B) Probability and Statistics ",
	volume = "41",
	number = "4",
	pages = "631 - 683",
	year = "2005",
	note = "",
	issn = "0246-0203",
	doi = "http://dx.doi.org/10.1016/j.anihpb.2004.03.002",
	author = "Jean Picard",
}

@article {gadat16,
    AUTHOR = {Gadat, S\'{e}bastien and Gavra, Ioana and Risser, Laurent},
     TITLE = {How to calculate the barycenter of a weighted graph},
   JOURNAL = {Math. Oper. Res.},
  FJOURNAL = {Mathematics of Operations Research},
    VOLUME = {43},
      YEAR = {2018},
    NUMBER = {4},
     PAGES = {1085--1118},
      ISSN = {0364-765X},
   MRCLASS = {90B15 (05C12 05C22 60J20 60J60)},
  MRNUMBER = {3884563},
       DOI = {10.1287/moor.2017.0896},
       URL = {https://doi.org/10.1287/moor.2017.0896},
}

@incollection {ziezold77,
    AUTHOR = {Ziezold, Herbert},
     TITLE = {On expected figures and a strong law of large numbers for
              random elements in quasi-metric spaces},
 BOOKTITLE = {Transactions of the {S}eventh {P}rague {C}onference on
              {I}nformation {T}heory, {S}tatistical {D}ecision {F}unctions,
              {R}andom {P}rocesses and of the {E}ighth {E}uropean {M}eeting
              of {S}tatisticians ({T}ech. {U}niv. {P}rague, {P}rague, 1974),
              {V}ol. {A}},
     PAGES = {591--602},
      YEAR = {1977},
   MRCLASS = {60B05 (60D05)},
  MRNUMBER = {0501230},
MRREVIEWER = {Robert L. Taylor},
}

@article{korf01,
	Author = {Korf, Lisa A. and Wets, Roger J.-B.},
	Title = {Random LSC functions: An ergodic theorem},
	Journal = {Mathematics of Operations Research},
	Volume = {26},
	Number = {2},
	Year = {2001},
	Pages = {421--445},
	Keywords = {Bayesian decision theory, stationary processes, Stochastic programming, Stochastic optimization, epi-convergence, Kolmogorov's extension theorem, composite materials, random lower semicontinuous functions, random samples}
}

@article{bhattacharya03,
    AUTHOR = {Bhattacharya, Rabi and Patrangenaru, Vic},
     TITLE = {Large sample theory of intrinsic and extrinsic sample means on
              manifolds. {I}},
   JOURNAL = {Ann. Statist.},
  FJOURNAL = {The Annals of Statistics},
    VOLUME = {31},
      YEAR = {2003},
    NUMBER = {1},
     PAGES = {1--29},
      ISSN = {0090-5364},
   MRCLASS = {60F15 (60D05 62H10 62H11)},
  MRNUMBER = {1962498},
MRREVIEWER = {Herbert Ziezold},
       DOI = {10.1214/aos/1046294456},
       URL = {https://doi.org/10.1214/aos/1046294456},
}

@article {bhattacharya05,
    AUTHOR = {Bhattacharya, Rabi and Patrangenaru, Vic},
     TITLE = {Large sample theory of intrinsic and extrinsic sample means on
              manifolds. {II}},
   JOURNAL = {Ann. Statist.},
  FJOURNAL = {The Annals of Statistics},
    VOLUME = {33},
      YEAR = {2005},
    NUMBER = {3},
     PAGES = {1225--1259},
      ISSN = {0090-5364},
   MRCLASS = {60D05 (60F05 62G09 62G15 62H11)},
  MRNUMBER = {2195634},
MRREVIEWER = {Herbert Ziezold},
       DOI = {10.1214/009053605000000093},
       URL = {https://doi.org/10.1214/009053605000000093},
}

@article{huckemann11,
    AUTHOR = {Huckemann, Stephan F.},
     TITLE = {Intrinsic inference on the mean geodesic of planar shapes and
              tree discrimination by leaf growth},
   JOURNAL = {Ann. Statist.},
  FJOURNAL = {The Annals of Statistics},
    VOLUME = {39},
      YEAR = {2011},
    NUMBER = {2},
     PAGES = {1098--1124},
      ISSN = {0090-5364},
   MRCLASS = {62G20 (53C22 62H11)},
  MRNUMBER = {2816349},
MRREVIEWER = {Thomas R. Boucher},
       DOI = {10.1214/10-AOS862},
       URL = {https://doi.org/10.1214/10-AOS862},
}


@article{artstein95,
	author = {Artstein, Zvi and Wets, Roger J.-B.},
	title = {Consistency of Minimizers and the {SLLN} for Stochastic Programs},
	year = {1995},
	Journal = {Journal of Convex Analysis},
	Volume = {2},
	Number = {1/2},
	Pages = {1-17}
}

@article {sverdrup81,
    AUTHOR = {Sverdrup-Thygeson, Harald},
     TITLE = {Strong law of large numbers for measures of central tendency
              and dispersion of random variables in compact metric spaces},
   JOURNAL = {Ann. Statist.},
  FJOURNAL = {The Annals of Statistics},
    VOLUME = {9},
      YEAR = {1981},
    NUMBER = {1},
     PAGES = {141--145},
      ISSN = {0090-5364},
   MRCLASS = {60F15 (60B05)},
  MRNUMBER = {600540},
MRREVIEWER = {Evarist Gin\'{e}},
       URL = {http://links.jstor.org/sici?sici=0090-5364(198101)9:1<141:SLOLNF>2.0.CO;2-Y&origin=MSN},
}


@book{blasques11,
	title={Semi-nonparametric indirect inference},
	author={Blasques, Francisco},
	year={2011},
	publisher={Universitaire Pers Maastricht}
}

@inproceedings{cuturi14,
	author    = {Marco Cuturi and
	Arnaud Doucet},
	title     = {Fast Computation of {W}asserstein Barycenters},
	booktitle = {Proceedings of the 31th International Conference on Machine Learning,
	{ICML} 2014, Beijing, China, 21-26 June 2014},
	pages     = {685--693},
	year      = {2014}
}



@article{ramdas17,
	author    = {Aaditya Ramdas and
	Nicol{\'{a}}s Garc{\'{\i}}a Trillos and
	Marco Cuturi},
	title     = {On {W}asserstein Two-Sample Testing and Related Families of Nonparametric
	Tests},
	journal   = {Entropy},
	volume    = {19},
	number    = {2},
	pages     = {47},
	year      = {2017},
	doi       = {10.3390/e19020047}
}

@article{choirat03,
	author = "Choirat, Christine and Hess, Christian and Seri, Raffaello",
	doi = "10.1214/aop/1046294304",
	journal = "The Annals of Probability",
	journal = "Ann. Probab.",
	month = "01",
	number = "1",
	pages = "63--92",
	publisher = "The Institute of Mathematical Statistics",
	title = "A functional version of the Birkhoff ergodic theorem for a normal integrand: A variational approach",
	volume = "31",
	year = "2003"
}

@article {petersen16,
    AUTHOR = {Petersen, Alexander and M\"{u}ller, Hans-Georg},
     TITLE = {Fr\'{e}chet regression for random objects with {E}uclidean
              predictors},
   JOURNAL = {Ann. Statist.},
  FJOURNAL = {The Annals of Statistics},
    VOLUME = {47},
      YEAR = {2019},
    NUMBER = {2},
     PAGES = {691--719},
      ISSN = {0090-5364},
   MRCLASS = {62G05 (62G08 62J99)},
  MRNUMBER = {3909947},
       DOI = {10.1214/17-AOS1624},
       URL = {https://doi.org/10.1214/17-AOS1624},
}

@article{dubey17,
	author = {Dubey, Paromita and Müller, Hans-Georg},
	title = "{Fréchet analysis of variance for random objects}",
	journal = {Biometrika},
	volume = {106},
	number = {4},
	pages = {803-821},
	year = {2019},
	month = {10},
	issn = {0006-3444},
	doi = {10.1093/biomet/asz052},
	url = {https://doi.org/10.1093/biomet/asz052},
	eprint = {https://academic.oup.com/biomet/article-pdf/106/4/803/30646779/asz052.pdf},
}


@book {vaart96,
    AUTHOR = {van der Vaart, Aad W. and Wellner, Jon A.},
     TITLE = {Weak convergence and empirical processes},
    SERIES = {Springer Series in Statistics},
      NOTE = {With applications to statistics},
 PUBLISHER = {Springer-Verlag, New York},
      YEAR = {1996},
     PAGES = {xvi+508},
      ISBN = {0-387-94640-3},
   MRCLASS = {60F05 (60B12 62G30)},
  MRNUMBER = {1385671},
MRREVIEWER = {Miguel A. Arcones},
       DOI = {10.1007/978-1-4757-2545-2},
       URL = {https://doi.org/10.1007/978-1-4757-2545-2},
}

@book{tsybakov08,
	author = {Tsybakov, Alexandre B.},
	title = {Introduction to Nonparametric Estimation},
	year = {2008},
	isbn = {0387790519, 9780387790510},
	edition = {1st},
	publisher = {Springer Publishing Company, Incorporated},
} 

@Book{rockafellar98,
	Title                    = {Variational Analysis},
	Author                   = {{R. Tyrrell} Rockafellar and Roger J.-B. Wets},
	Publisher                = {Springer Verlag},
	Year                     = {1998},
	Address                  = {Heidelberg, Berlin, New York}
}

@inproceedings{macqueen67,
	address = "Berkeley, Calif.",
	author = "MacQueen, J.",
	booktitle = "Proceedings of the Fifth Berkeley Symposium on Mathematical Statistics and Probability, Volume 1: Statistics",
	pages = "281--297",
	publisher = "University of California Press",
	title = "Some methods for classification and analysis of multivariate observations",
	year = "1967"
}

@article{popinski00,
	author = {Popiński, Waldemar},
	journal = {Applicationes Mathematicae},
	keywords = {orthonormal system; nonparametric series regression; least squares method; convergence rate},
	language = {eng},
	number = {4},
	pages = {445-454},
	title = {Convergence rates of orthogonal series regression estimators},
	volume = {27},
	year = {2000},
}

@article{latala05,
	author = {Latała, Rafał},
	journal = {Proc. Amer. Math. Soc.},
	pages = {1273--1282},
	title = {{Some estimates of norms of random matrices}},
	volume = {133},
	year = {2005}
}

@book{talagrand14,
    AUTHOR = {Talagrand, Michel},
     TITLE = {Upper and lower bounds for stochastic processes},
    SERIES = {Ergebnisse der Mathematik und ihrer Grenzgebiete. 3. Folge. A
              Series of Modern Surveys in Mathematics [Results in
              Mathematics and Related Areas. 3rd Series. A Series of Modern
              Surveys in Mathematics]},
    VOLUME = {60},
      NOTE = {Modern methods and classical problems},
 PUBLISHER = {Springer, Heidelberg},
      YEAR = {2014},
     PAGES = {xvi+626},
      ISBN = {978-3-642-54074-5; 978-3-642-54075-2},
   MRCLASS = {60G17 (46B99 60B11 60G15 60G52)},
  MRNUMBER = {3184689},
MRREVIEWER = {Sasha Sodin},
       DOI = {10.1007/978-3-642-54075-2},
       URL = {https://doi.org/10.1007/978-3-642-54075-2},
}

@book{czado11,
	title={Mathematische Statistik},
	author={Czado, C. and Schmidt, T.},
	isbn={9783642172618},
	series={Statistik und ihre Anwendungen},
	year={2011},
	publisher={Springer Berlin Heidelberg}
}

@book{burago01,
	title={A Course in Metric Geometry},
	author={Burago, D. and Burago, I.U.D. and Ivanov, S.},
	isbn={9780821821299},
	lccn={20122062},
	series={Crm Proceedings \& Lecture Notes},
	year={2001},
	publisher={American Mathematical Society}
}

@article{banholzer17,
	title={On almost sure rates of convergence for sample average approximations},
	author={Dirk Banholzer and J{\"o}rg Fliege and Ralf Werner},
	year={2017},
	note = {\url{http://www.optimization-online.org/DB_HTML/2017/01/5834.html}}
}


@book{deza09,
    AUTHOR = {Deza, Michel Marie and Deza, Elena},
     TITLE = {Encyclopedia of distances},
   EDITION = {Fourth},
 PUBLISHER = {Springer, Berlin},
      YEAR = {2016},
     PAGES = {xxii+756},
      ISBN = {978-3-662-52843-3; 978-3-662-52844-0},
   MRCLASS = {00A20 (05C12 65-00 82D25 91Dxx 92D20 92D40 92E10)},
  MRNUMBER = {3559482},
       DOI = {10.1007/978-3-662-52844-0},
       URL = {https://doi.org/10.1007/978-3-662-52844-0},
}

@book{geer00,
    AUTHOR = {van de Geer, Sara A.},
     TITLE = {Applications of empirical process theory},
    SERIES = {Cambridge Series in Statistical and Probabilistic Mathematics},
    VOLUME = {6},
 PUBLISHER = {Cambridge University Press, Cambridge},
      YEAR = {2000},
     PAGES = {xii+286},
      ISBN = {0-521-65002-X},
   MRCLASS = {62-01 (62G05 62G20)},
  MRNUMBER = {1739079},
MRREVIEWER = {Miguel A. Arcones},
}

@book{vaart98, 
	place={Cambridge}, 
	series={Cambridge Series in Statistical and Probabilistic Mathematics}, 
	title={Asymptotic Statistics}, 
	DOI={10.1017/CBO9780511802256}, 
	publisher={Cambridge University Press}, 
	author={Vaart, A. W. van der}, 
	year={1998}, 
	collection={Cambridge Series in Statistical and Probabilistic Mathematics}
}

@article {eltzner19,
    AUTHOR = {Eltzner, Benjamin and Huckemann, Stephan F.},
     TITLE = {A smeary central limit theorem for manifolds with application
              to high-dimensional spheres},
   JOURNAL = {Ann. Statist.},
  FJOURNAL = {The Annals of Statistics},
    VOLUME = {47},
      YEAR = {2019},
    NUMBER = {6},
     PAGES = {3360--3381},
      ISSN = {0090-5364},
   MRCLASS = {62G20 (53C22 58K45 62H11)},
  MRNUMBER = {4025745},
       DOI = {10.1214/18-AOS1781},
       URL = {https://doi.org/10.1214/18-AOS1781},
}

@article{frechet48,
    AUTHOR = {Fr{\'{e}}chet, Maurice},
     TITLE = {Les \'{e}l\'{e}ments al\'{e}atoires de nature quelconque dans un espace
              distanci\'{e}},
   JOURNAL = {Ann. Inst. H. Poincar\'{e}},
    VOLUME = {10},
      YEAR = {1948},
     PAGES = {215--310},
   MRCLASS = {60.0X},
  MRNUMBER = {0027464},
MRREVIEWER = {J. L. Doob},
       URL = {http://www.numdam.org/item?id=AIHP_1948__10_4_215_0},
}


@article{berg08,
    AUTHOR = {Berg, I. D. and Nikolaev, I. G.},
     TITLE = {Quasilinearization and curvature of {A}leksandrov spaces},
   JOURNAL = {Geom. Dedicata},
  FJOURNAL = {Geometriae Dedicata},
    VOLUME = {133},
      YEAR = {2008},
     PAGES = {195--218},
      ISSN = {0046-5755},
   MRCLASS = {53C45 (51K10)},
  MRNUMBER = {2390077},
MRREVIEWER = {Koichi Nagano},
       DOI = {10.1007/s10711-008-9243-3},
       URL = {https://doi.org/10.1007/s10711-008-9243-3},
}


@book{barrio07,
    AUTHOR = {del Barrio, Eustasio and Deheuvels, Paul and van de Geer,
              Sara},
     TITLE = {Lectures on empirical processes},
    SERIES = {EMS Series of Lectures in Mathematics},
      NOTE = {Theory and statistical applications,
              With a preface by Juan A. Cuesta Albertos and Carlos Matr\'{a}n},
 PUBLISHER = {European Mathematical Society (EMS), Z\"{u}rich},
      YEAR = {2007},
     PAGES = {x+254},
      ISBN = {978-3-03719-027-2},
   MRCLASS = {60-02 (60-06 60B11 60B12 60F17 62F03 62G30)},
  MRNUMBER = {2284824},
MRREVIEWER = {M. Cs\"{o}rg\H{o}},
       DOI = {10.4171/027},
       URL = {https://doi.org/10.4171/027},
}

@article{thorpe15,
	title={Convergence of the k-means minimization problem using $\Gamma$-convergence},
	author={Thorpe, Matthew and Theil, Florian and Johansen, Adam M and Cade, Neil},
	journal={SIAM Journal on Applied Mathematics},
	volume={75},
	number={6},
	pages={2444--2474},
	year={2015},
	publisher={SIAM}
}

@article{belili01,
	title={Median for metric spaces},
	author={Belili, Nacereddine and Heinich, Henri},
	journal={Applicationes Mathematicae},
	volume={28},
	pages={191-209},
	year={2001},
	publisher={Institute of Mathematics, Polish Academy of Sciences}
}


@article{bacak14,
    AUTHOR = {Ba{\v{c}}{\'{a}}k, Miroslav},
     TITLE = {Computing medians and means in {H}adamard spaces},
   JOURNAL = {SIAM J. Optim.},
  FJOURNAL = {SIAM Journal on Optimization},
    VOLUME = {24},
      YEAR = {2014},
    NUMBER = {3},
     PAGES = {1542--1566},
      ISSN = {1052-6234},
   MRCLASS = {47J25 (49M27 60-08 60F15)},
  MRNUMBER = {3264572},
MRREVIEWER = {Ruhollah Jahanipur},
       DOI = {10.1137/140953393},
       URL = {https://doi.org/10.1137/140953393},
}

@book{bacak14b,
    AUTHOR = {Ba\v{c}\'{a}k, Miroslav},
     TITLE = {Convex analysis and optimization in {H}adamard spaces},
    SERIES = {De Gruyter Series in Nonlinear Analysis and Applications},
    VOLUME = {22},
 PUBLISHER = {De Gruyter, Berlin},
      YEAR = {2014},
     PAGES = {viii+185},
      ISBN = {978-3-11-036103-2; 978-3-11-036162-9},
   MRCLASS = {49-02 (49K27 60B99 60J10 90C25 90C48 92D15)},
  MRNUMBER = {3241330},
MRREVIEWER = {Simeon Reich},
       DOI = {10.1515/9783110361629},
       URL = {https://doi.org/10.1515/9783110361629},
}

@misc{bacak18,
	Author = {Miroslav Bacak},
	Title = {Old and new challenges in Hadamard spaces},
	Year = {2018},
	arxiv = {1807.01355},
	eprint = {1807.01355},
	archivePrefix = {arXiv},
	primaryClass  = {math.FA}
}

@Article{pennec06,
	author="Pennec, Xavier and Fillard, Pierre and Ayache, Nicholas",
	title="A Riemannian Framework for Tensor Computing",
	journal="International Journal of Computer Vision",
	year="2006",
	month="Jan",
	day="01",
	volume="66",
	number="1",
	pages="41--66",
	issn="1573-1405",
	doi="10.1007/s11263-005-3222-z",
	note="\href{https://www.doi.org/10.1007/s11263-005-3222-z}{doi: 10.1007/s11263-005-3222-z}"
}

@article{legouic18,
	doi = {10.1007/s00440-019-00950-0},
	url = {https://doi.org/10.1007/s00440-019-00950-0},
	year = {2019},
	month = oct,
	publisher = {Springer Science and Business Media {LLC}},
	volume = {177},
	number = {1-2},
	pages = {323--368},
	author = {A. Ahidar-Coutrix and T. Le Gouic and Q. Paris},
	title = {Convergence rates for empirical barycenters in metric spaces: curvature,  convexity and extendable geodesics},
	journal = {Probability Theory and Related Fields}
}

@article{bousquet02,
    AUTHOR = {Bousquet, Olivier},
     TITLE = {A {B}ennett concentration inequality and its application to
              suprema of empirical processes},
   JOURNAL = {C. R. Math. Acad. Sci. Paris},
  FJOURNAL = {Comptes Rendus Math\'{e}matique. Acad\'{e}mie des Sciences. Paris},
    VOLUME = {334},
      YEAR = {2002},
    NUMBER = {6},
     PAGES = {495--500},
      ISSN = {1631-073X},
   MRCLASS = {60E15 (60G17)},
  MRNUMBER = {1890640},
MRREVIEWER = {F. W. Steutel},
       DOI = {10.1016/S1631-073X(02)02292-6},
       URL = {https://doi.org/10.1016/S1631-073X(02)02292-6},
}

@book{pollard90,
    AUTHOR = {Pollard, David},
     TITLE = {Empirical processes: theory and applications},
    SERIES = {NSF-CBMS Regional Conference Series in Probability and
              Statistics},
    VOLUME = {2},
 PUBLISHER = {Institute of Mathematical Statistics, Hayward, CA; American
              Statistical Association, Alexandria, VA},
      YEAR = {1990},
     PAGES = {viii+86},
      ISBN = {0-940600-16-1},
   MRCLASS = {60F05 (60F17 62G30)},
  MRNUMBER = {1089429},
}

@article {billera01,
    AUTHOR = {Billera, Louis J. and Holmes, Susan P. and Vogtmann, Karen},
     TITLE = {Geometry of the space of phylogenetic trees},
   JOURNAL = {Adv. in Appl. Math.},
  FJOURNAL = {Advances in Applied Mathematics},
    VOLUME = {27},
      YEAR = {2001},
    NUMBER = {4},
     PAGES = {733--767},
      ISSN = {0196-8858},
   MRCLASS = {05C90 (92B10)},
  MRNUMBER = {1867931},
MRREVIEWER = {Charles A. Semple},
       DOI = {10.1006/aama.2001.0759},
       URL = {https://doi.org/10.1006/aama.2001.0759},
}

@article {barden18,
    AUTHOR = {Barden, D. and Le, H. and Owen, M.},
     TITLE = {Limiting behaviour of {F}r\'{e}chet means in the space of
              phylogenetic trees},
   JOURNAL = {Ann. Inst. Statist. Math.},
  FJOURNAL = {Annals of the Institute of Statistical Mathematics},
    VOLUME = {70},
      YEAR = {2018},
    NUMBER = {1},
     PAGES = {99--129},
      ISSN = {0020-3157},
   MRCLASS = {60D05 (60F05 62E20 62G20)},
  MRNUMBER = {3742820},
       DOI = {10.1007/s10463-016-0582-9},
       URL = {https://doi.org/10.1007/s10463-016-0582-9},
}


@article {nye11,
    AUTHOR = {Nye, Tom M. W.},
     TITLE = {Principal components analysis in the space of phylogenetic
              trees},
   JOURNAL = {Ann. Statist.},
  FJOURNAL = {The Annals of Statistics},
    VOLUME = {39},
      YEAR = {2011},
    NUMBER = {5},
     PAGES = {2716--2739},
      ISSN = {0090-5364},
   MRCLASS = {62H25 (92D15)},
  MRNUMBER = {2906884},
MRREVIEWER = {Steven (Shuangge) Ma},
       DOI = {10.1214/11-AOS915},
       URL = {https://doi.org/10.1214/11-AOS915},
}

@article {bednorz14,
    AUTHOR = {Bednorz, Witold and Lata\l a, Rafa\l },
     TITLE = {On the boundedness of {B}ernoulli processes},
   JOURNAL = {Ann. of Math. (2)},
  FJOURNAL = {Annals of Mathematics. Second Series},
    VOLUME = {180},
      YEAR = {2014},
    NUMBER = {3},
     PAGES = {1167--1203},
      ISSN = {0003-486X},
   MRCLASS = {60G70 (60B11 60E15 60G15)},
  MRNUMBER = {3245015},
MRREVIEWER = {Deli Li},
       DOI = {10.4007/annals.2014.180.3.8},
       URL = {https://doi.org/10.4007/annals.2014.180.3.8},
}

@article {federer59,
    AUTHOR = {Federer, Herbert},
     TITLE = {Curvature measures},
   JOURNAL = {Trans. Amer. Math. Soc.},
  FJOURNAL = {Transactions of the American Mathematical Society},
    VOLUME = {93},
      YEAR = {1959},
     PAGES = {418--491},
      ISSN = {0002-9947},
   MRCLASS = {53.00},
  MRNUMBER = {0110078},
MRREVIEWER = {C. B. Allendoerfer},
       DOI = {10.2307/1993504},
       URL = {https://doi.org/10.2307/1993504},
}

@article {choi97,
    AUTHOR = {Choi, Hyeong In and Choi, Sung Woo and Moon, Hwan Pyo},
     TITLE = {Mathematical theory of medial axis transform},
   JOURNAL = {Pacific J. Math.},
  FJOURNAL = {Pacific Journal of Mathematics},
    VOLUME = {181},
      YEAR = {1997},
    NUMBER = {1},
     PAGES = {57--88},
      ISSN = {0030-8730},
   MRCLASS = {53A05 (52B55)},
  MRNUMBER = {1491036},
       DOI = {10.2140/pjm.1997.181.57},
       URL = {https://doi.org/10.2140/pjm.1997.181.57},
}

@book{boucheron13,
    AUTHOR = {Boucheron, St\'{e}phane and Lugosi, G\'{a}bor and Massart, Pascal},
     TITLE = {Concentration inequalities},
      NOTE = {A nonasymptotic theory of independence,
              With a foreword by Michel Ledoux},
 PUBLISHER = {Oxford University Press, Oxford},
      YEAR = {2013},
     PAGES = {x+481},
      ISBN = {978-0-19-953525-5},
   MRCLASS = {60E15 (60D05 60G15 60G50 60G70 62G20)},
  MRNUMBER = {3185193},
MRREVIEWER = {Sreenivasan Ravi},
       DOI = {10.1093/acprof:oso/9780199535255.001.0001},
       URL = {https://doi.org/10.1093/acprof:oso/9780199535255.001.0001},
}

@article {banerjee05,
    AUTHOR = {Banerjee, Arindam and Guo, Xin and Wang, Hui},
     TITLE = {On the optimality of conditional expectation as a {B}regman
              predictor},
   JOURNAL = {IEEE Trans. Inform. Theory},
  FJOURNAL = {Institute of Electrical and Electronics Engineers.
              Transactions on Information Theory},
    VOLUME = {51},
      YEAR = {2005},
    NUMBER = {7},
     PAGES = {2664--2669},
      ISSN = {0018-9448},
   MRCLASS = {94A13 (62M20)},
  MRNUMBER = {2246384},
       DOI = {10.1109/TIT.2005.850145},
       URL = {https://doi.org/10.1109/TIT.2005.850145},
}